@article{liu1973scheduling,
    title={Scheduling algorithms for multiprogramming in a hard-real-time
        environment},
    author={Liu, Chung Laung and Layland, James W},
    journal={Journal of the ACM (JACM)},
    volume={20},
    number={1},
    pages={46--61},
    year={1973},
    publisher={ACM}
}

@article{sha1990priority,
    title={Priority inheritance protocols: An approach to real-time
        synchronization},
    author={Sha, Lui and Rajkumar, Ragunathan and Lehoczky, John P},
    journal={Computers, IEEE Transactions on},
    volume={39},
    number={9},
    pages={1175--1185},
    year={1990},
    publisher={IEEE}
}
